@article{Kosecka,
author = {Kosecka, Jana and Li, Fayin and Yang, Xiaolong}
}