@InProceedings{TipaldiFLIRT,
author={Tipaldi, G.D. and Arras, K.O.},
booktitle={Robotics and Automation (ICRA), 2010 IEEE International Conference on},
title={FLIRT - Interest regions for 2D range data},
year={2010},
month={May},
pages={3616-3622},
keywords={SLAM (robots);computer vision;feature extraction;2D range data;3D point clouds;FLIRT;Fast Laser Interest Region Transform;RANSAC;SLAM;benchmark experiments;computer vision;descriptor matching performance;detector-descriptor combinations;image features;multi-scale interest region operator;range imaging;robot navigation;Application software;Clouds;Computer vision;Detectors;Laplace equations;Layout;Level measurement;Navigation;Robots;Simultaneous localization and mapping},
doi={10.1109/ROBOT.2010.5509864},
ISSN={1050-4729}
}

@InProceedings{TipaldiGFLIP,
author={Tipaldi, Gian Diego and Spinello, Luciano and Burgard, Wolfram},
title={Geometrical FLIRT Phrases for Large Scale Place Recognition in 2D Range Data},
booktitle={Proceedings of the {IEEE} International Conference on Robotics and Automation ({ICRA})},
year={2013},
url= {http://www.informatik.uni-freiburg.de/~tipaldi/papers/tipaldi13icra.pdf}
}

@InProceedings{Sivic,
author={Sivic, J. and Zisserman, A.},
booktitle={Computer Vision, 2003. Proceedings. Ninth IEEE International Conference on},
title={Video Google: a text retrieval approach to object matching in videos},
year={2003},
month={Oct},
pages={1470-1477 vol.2},
keywords={computer vision;content-based retrieval;image matching;image representation;video signal processing;visual databases;Video Google;document rankings;invariant region descriptors;inverted file systems;noise reduction;object matching;object retrieval;partial occlusion;scene retrieval;text retrieval approach;unstable regions;vector quantization;File systems;Image databases;Layout;Lighting;Noise reduction;Object recognition;Robots;Vector quantization;Visual databases;Web pages},
doi={10.1109/ICCV.2003.1238663}
}

@InProceedings{Nister06,
author={David Nistér and Henrik Stewénius},
title={Scalable Recognition with a Vocabulary Tree},
booktitle={IN CVPR},
year={2006},
pages={2161--2168},
publisher={}
}

@InProceedings{Turcot,
author={Turcot, P. and Lowe, D.G.},
booktitle={Computer Vision Workshops (ICCV Workshops), 2009 IEEE 12th International Conference on},
title={Better matching with fewer features: The selection of useful features in large database recognition problems},
year={2009},
pages={2109-2116},
keywords={image matching;object recognition;visual databases;2-adjacent augmentation;bag-of-words method;feature matching;large database recognition problem;local image features;memory requirements;object recognition;unsupervised preprocessing step;visual words;Spatial databases},
doi={10.1109/ICCVW.2009.5457541}
}

@Article{Viterbi,
author={Viterbi, A.J.},
journal={Information Theory, IEEE Transactions on},
title={Error bounds for convolutional codes and an asymptotically optimum decoding algorithm},
year={1967},
month={April},
volume={13},
number={2},
pages={260-269},
keywords={Convolutional codes},
doi={10.1109/TIT.1967.1054010},
ISSN={0018-9448}
}

@Article{Rabiner,
author={Rabiner, L.},
journal={Proceedings of the IEEE},
title={A tutorial on hidden Markov models and selected applications in speech recognition},
year={1989},
month={Feb},
volume={77},
number={2},
pages={257-286},
keywords={Markov processes;speech recognition;balls-in-urns system;coin-tossing;discrete Markov chains;ergodic models;hidden Markov models;hidden states;left-right models;probabilistic function;speech recognition;Distortion;Hidden Markov models;Mathematical model;Multiple signal classification;Signal processing;Speech recognition;Statistical analysis;Stochastic processes;Temperature measurement;Tutorial},
doi={10.1109/5.18626},
ISSN={0018-9219}
}

@Article{Shinghal,
author={Shinghal, Rajjan and Toussaint, Godfried T.},
journal={Pattern Analysis and Machine Intelligence, IEEE Transactions on},
title={Experiments in Text Recognition with the Modified Viterbi Algorithm},
year={1979},
month={April},
volume={PAMI-1},
number={2},
pages={184-193},
keywords={Computer science;Costs;Councils;Decoding;Dictionaries;Dynamic programming;Error correction;Probability;Text recognition;Viterbi algorithm;Computational complexity;N-gram probabilities;contextual information;cost;feature vector;probability of misclassification;text recognition},
doi={10.1109/TPAMI.1979.4766904},
ISSN={0162-8828}
}