@article{Kosecka,
added-at = {2010-07-21T15:47:14.000+0200},
author = {Kosecká, Jana and Li, Fayin and Yang, Xiaolong},
biburl = {http://www.bibsonomy.org/bibtex/26dc0da39b6165e9d59778ebb1296237c/dblp},
date = {2010-05-20},
ee = {http://dx.doi.org/10.1016/j.robot.2005.03.008},
interhash = {a1d0cd80310bca28e3268d26e4db333a},
intrahash = {6dc0da39b6165e9d59778ebb1296237c},
journal = {Robotics and Autonomous Systems},
keywords = {dblp},
number = {1},
pages = {27-38},
timestamp = {2010-07-21T15:47:14.000+0200},
title = {Global localization and relative positioning based on scale-invariant keypoints.},
url = {http://dblp.uni-trier.de/db/journals/ras/ras52.html#KoseckaLY05},
volume = {52},
year = {2005}
}

@article{Konolige,
author = {Konolige, Kurt and Bowman, James and Chen, J.D. and Mihelich, Patrick and Calonder, Michael and Lepetit, Vincent and Fua, Pascal}, 
title = {View-based Maps},
volume = {29}, 
number = {8}, 
pages = {941-957}, 
year = {2010}, 
doi = {10.1177/0278364910370376}, 
URL = {http://ijr.sagepub.com/content/29/8/941.abstract}, 
eprint = {http://ijr.sagepub.com/content/29/8/941.full.pdf+html}, 
journal = {The International Journal of Robotics Research}
}

@article{LoweSIFT,
 author = {Lowe, David G.},
 title = {Distinctive Image Features from Scale-Invariant Keypoints},
 journal = {Int. J. Comput. Vision},
 issue_date = {November 2004},
 volume = {60},
 number = {2},
 month = nov,
 year = {2004},
 issn = {0920-5691},
 pages = {91--110},
 numpages = {20},
 url = {http://dx.doi.org/10.1023/B:VISI.0000029664.99615.94},
 doi = {10.1023/B:VISI.0000029664.99615.94},
 acmid = {996342},
 publisher = {Kluwer Academic Publishers},
 address = {Hingham, MA, USA},
 keywords = {image matching, invariant features, object recognition, scale invariance}
}

@inproceedings{Calonder,
 author = {Calonder, Michael and Lepetit, Vincent and Fua, Pascal},
 title = {Keypoint Signatures for Fast Learning and Recognition},
 booktitle = {Proceedings of the 10th European Conference on Computer Vision: Part I},
 series = {ECCV '08},
 year = {2008},
 isbn = {978-3-540-88681-5},
 location = {Marseille, France},
 pages = {58--71},
 numpages = {14},
 url = {http://dx.doi.org/10.1007/978-3-540-88682-2_6},
 doi = {10.1007/978-3-540-88682-2_6},
 acmid = {1478401},
 publisher = {Springer-Verlag},
 address = {Berlin, Heidelberg}
}

@INPROCEEDINGS{Nister,
    author = {David Nistér and Henrik Stewénius},
    title = {Scalable Recognition with a Vocabulary Tree},
    booktitle = {IN CVPR},
    year = {2006},
    pages = {2161--2168},
    publisher = {}
}

@article{baileySLAM,
  title={Simultaneous localization and mapping (SLAM): Part II},
  author={Bailey, Tim and Durrant-Whyte, Hugh},
  journal={IEEE Robotics \& Automation Magazine},
  volume={13},
  number={3},
  pages={108--117},
  year={2006}
}

@INPROCEEDINGS{Shatkay,
    author = {Hagit Shatkay and Leslie Pack Kaelbling},
    title = {Learning Topological Maps with Weak Local Odometric Information},
    booktitle = {IN PROCEEDINGS OF IJCAI-97. IJCAI, INC},
    year = {1997},
    pages = {920--929},
    publisher = {}
}

@INPROCEEDINGS{NguyenIROS, 
author={Nguyen, V. and Martinelli, A. and Tomatis, N. and Siegwart, R.}, 
booktitle={Intelligent Robots and Systems, 2005. (IROS 2005). 2005 IEEE/RSJ International Conference on}, 
title={A comparison of line extraction algorithms using 2D laser rangefinder for indoor mobile robotics}, 
year={2005}, 
month={Aug}, 
pages={1929-1934}, 
keywords={feature extraction;laser ranging;mobile robots;optical scanners;robot vision;statistical analysis;50 m;80 m;computer vision;indoor mobile robotics;laser rangefinder;laser scan;line extraction;statistical method;Computer vision;Data mining;Feature extraction;Indoor environments;Infrared sensors;Mobile robots;Robot localization;Robot sensing systems;Robot vision systems;Sonar navigation;2D Laser Rangefinder;Line Extraction;Mobile Robotics;Vision}, 
doi={10.1109/IROS.2005.1545234}
}

@INPROCEEDINGS{ChaoZhou, 
author={Chao Zhou and Yucheng Wei and Tieniu Tan}, 
booktitle={Robotics and Automation, 2003. Proceedings. ICRA '03. IEEE International Conference on}, 
title={Mobile robot self-localization based on global visual appearance features}, 
year={2003}, 
month={Sept}, 
volume={1}, 
pages={1271-1276 vol.1}, 
keywords={edge detection;feature extraction;image colour analysis;mobile robots;robot vision;edge density;global visual appearance features;gradient magnitude;indoor environment;mobile robot self-localization;multidimensional histogram;Charge-coupled image sensors;Histograms;Image databases;Image processing;Image recognition;Image segmentation;Intelligent robots;Layout;Mobile robots;Spatial databases}, 
doi={10.1109/ROBOT.2003.1241767}, 
ISSN={1050-4729}
}

@INPROCEEDINGS{JunqiuWang, 
author={Junqiu Wang and Cipolla, R. and Hongbin Zha}, 
booktitle={Robotics and Automation, 2005. ICRA 2005. Proceedings of the 2005 IEEE International Conference on}, 
title={Vision-based Global Localization Using a Visual Vocabulary}, 
year={2005}, 
month={April}, 
pages={4230-4235}, 
keywords={Mobile robots;Vision-based localization;scale invariant features;visual vocabulary;Detectors;Indexes;Laboratories;Lighting;Mobile robots;Object recognition;Robot sensing systems;Spatial databases;Visual databases;Vocabulary;Mobile robots;Vision-based localization;scale invariant features;visual vocabulary}, 
doi={10.1109/ROBOT.2005.1570770}
}

@INPROCEEDINGS{Wolf, 
author={Wolf, J. and Burgard, W. and Burkhardt, H.}, 
booktitle={Robotics and Automation, 2002. Proceedings. ICRA '02. IEEE International Conference on}, 
title={Robust vision-based localization for mobile robots using an image retrieval system based on invariant features}, 
year={2002}, 
month={}, 
volume={1}, 
pages={359-365 vol.1}, 
keywords={Monte Carlo methods;computerised navigation;feature extraction;image retrieval;mobile robots;position control;robot vision;2D map;Monte Carlo method;image retrieval system;local feature extraction;mobile robot;occlusions;robot vision;vision-based localization;Acoustic sensors;Cameras;Computer science;Data mining;Image retrieval;Mobile robots;Robot sensing systems;Robot vision systems;Robustness;Sensor systems}, 
doi={10.1109/ROBOT.2002.1013387}
}

@article{BrownImgStit,
year={2007},
issn={0920-5691},
journal={International Journal of Computer Vision},
volume={74},
number={1},
doi={10.1007/s11263-006-0002-3},
title={Automatic Panoramic Image Stitching using Invariant Features},
url={http://dx.doi.org/10.1007/s11263-006-0002-3},
publisher={Kluwer Academic Publishers-Plenum Publishers},
keywords={multi-image matching; stitching; recognition},
author={Brown, Matthew and Lowe, DavidG.},
pages={59-73},
language={English}
}